@misc{Therapy,
  title = {Targeted Cancer Therapies Fact Sheet},
  howpublished = {\url{https://www.cancer.gov/about-cancer/treatment/types/targeted-therapies/targeted-therapies-fact-sheet}},
  note = {Accessed: 2021-07-22}
}

@misc{DailyMed,
  title = {DailyMed},
  howpublished = {\url{https://dailymed.nlm.nih.gov/dailymed}},
  note = {Accessed: 2021-07-19}
}

@article{Behnel:2005,
	Author = {{Behnel}, S. and {Faassen}, M. and {Bicking}, I.},
  	url = {https://lxml.de/},
  	Title = "{lxml: XML and HTML with Python}",
  	Year = 2005
}

@article{Neumann:2019,
    Author = {{Neumann}, M. and {King}, D. and {Beltagy}, I. and {Ammar}, W.},
    title = "{ScispaCy: Fast and Robust Models for Biomedical Natural Language Processing}",
    journal = {Proceedings of the 18th BioNLP Workshop and Shared Task},
    archivePrefix = "arXiv",
    eprint = {1902.07669},
    year = 2019,
    month = aug,
    doi = {10.18653/v1/w19-5034},
    url = {https://aclanthology.org/W19-5034/}
}

@article{Khandelwal:2020,
    Author = {{Khandelwal}, A. and {Sawant},S.},
    title = "{NegBERT: A Transfer Learning Approach for Negation Detection and Scope Resolution}",
    journal = {The 12th Language Resources and Evaluation Conference (LREC 2020)},
    archivePrefix = "arXiv",
    eprint = {1911.04211},
    year = 2020,
    month = may,
    url = {https://aclanthology.org/2020.lrec-1.704.pdf}
}

@article{Mahmood:2017,
    Author = {{Mahmood}, A. S. and {Rao}, S. and {McGarvey}, P. and {Wu}, C. and {Madhavan}, S. and {Vijay-Shanker}, K.},
    title = "{EGARD: Extracting associations between genomic anomalies and drug responses from text}",
    journal = {PLoS ONE},
    year = 2017,
    month = dec,
    doi = {10.1371/journal.pone.0189663},
    url = {https://www.ncbi.nlm.nih.gov/pmc/articles/PMC5738129/}
}
